@misc{egornn,
 author = {Swathikiran Sudhakaran and Oswald Lanz},
 title = {Attention is All We Need: Nailing Down
          Object-centric Attention for Egocentric Activity Recognition},
 year = 2018
}

@misc{sparnet,
 author = {Mirco Planamente and Andrea Bottino and Barbara Caputo},
 title = {Joint Encoding of Appearance and Motion Features
          with Self-supervision for First Person Action Recognition},
 year = 2020
}

@misc{resnet,
 author = {Kaiming He and Xiangyu Zhang and Shaoqing Ren and Jian Sun},
 title = {Deep Residual Learning for Image Recognition},
 year = 2015
}
